@inproceedings{RN682,
   author = {Wolf, Thomas and Chaumond, Julien and Debut, Lysandre and Sanh, Victor and Delangue, Clement and Moi, Anthony and Cistac, Pierric and Funtowicz, Morgan and Davison, Joe and Shleifer, Sam},
   title = {Transformers: State-of-the-art natural language processing},
   booktitle = {Proceedings of the 2020 Conference on Empirical Methods in Natural Language Processing: System Demonstrations},
   pages = {38-45},
   year = {2020},
   type = {Conference Proceedings}
}

@inproceedings{RN681,
   author = {Abadi, Mart√≠n and Barham, Paul and Chen, Jianmin and Chen, Zhifeng and Davis, Andy and Dean, Jeffrey and Devin, Matthieu and Ghemawat, Sanjay and Irving, Geoffrey and Isard, Michael},
   title = {Tensorflow: A system for large-scale machine learning},
   booktitle = {12th {USENIX} symposium on operating systems design and implementation ({OSDI} 16)},
   pages = {265-283},
   ISBN = {1931971331},
   year = {2016},
   type = {Conference Proceedings}
}

@article{RN685,
   author = {Shazeer, Noam and Lan, Zhenzhong and Cheng, Youlong and Ding, Nan and Hou, Le},
   title = {Talking-heads attention},
   journal = {arXiv preprint arXiv:2003.02436},
   year = {2020},
   type = {Journal Article}
}

@article{RN686,
   author = {Shazeer, Noam},
   title = {Glu variants improve transformer},
   journal = {arXiv preprint arXiv:2002.05202},
   year = {2020},
   type = {Journal Article}
}







@inproceedings{RN665,
   author = {Fajcik, Martin and Smrz, Pavel and Burget, Lukas},
   title = {BUT-FIT at SemEval-2019 Task 7: Determining the Rumour Stance with Pre-Trained Deep Bidirectional Transformers},
   series = {Proceedings of the 13th International Workshop on Semantic Evaluation},
   publisher = {Association for Computational Linguistics},
   pages = {1097-1104},
   DOI = {10.18653/v1/S19-2192},
   url = {https://www.aclweb.org/anthology/S19-2192
https://doi.org/10.18653/v1/S19-2192},
   year = {2019},
   address = {Minneapolis, Minnesota, USA},
   type = {Conference Proceedings}
}

@inproceedings{RN669,
   author = {Ma, Jing and Gao, Wei},
   title = {Debunking Rumors on Twitter with Tree Transformer},
   series = {Proceedings of the 28th International Conference on Computational Linguistics},
   publisher = {International Committee on Computational Linguistics},
   pages = {5455-5466},
   DOI = {10.18653/v1/2020.coling-main.476},
   url = {https://www.aclweb.org/anthology/2020.coling-main.476
https://doi.org/10.18653/v1/2020.coling-main.476},
   year = {2020},
   address = {Barcelona, Spain (Online)},
   type = {Conference Proceedings}
}

@article{RN676,
   author = {Ma, Jing and Gao, Wei and Mitra, Prasenjit and Kwon, Sejeong and Jansen, Bernard J and Wong, Kam-Fai and Cha, Meeyoung},
   title = {Detecting rumors from microblogs with recurrent neural networks},
   year = {2016},
   type = {Journal Article}
}

@inproceedings{RN672,
   author = {Liu, Yang and Wu, Yi-Fang},
   title = {Early detection of fake news on social media through propagation path classification with recurrent and convolutional networks},
   booktitle = {Proceedings of the AAAI Conference on Artificial Intelligence},
   volume = {32},
   ISBN = {2374-3468},
   year = {2018},
   type = {Conference Proceedings}
}

@inproceedings{RN671,
   author = {Zhou, Kaimin and Shu, Chang and Li, Binyang and Lau, Jey Han},
   title = {Early rumour detection},
   booktitle = {Proceedings of the 2019 Conference of the North American Chapter of the Association for Computational Linguistics: Human Language Technologies, Volume 1 (Long and Short Papers)},
   pages = {1614-1623},
   year = {2019},
   type = {Conference Proceedings}
}

@article{RN674,
   author = {Ostendorff, Malte and Bourgonje, Peter and Berger, Maria and Moreno-Schneider, Julian and Rehm, Georg and Gipp, Bela},
   title = {Enriching bert with knowledge graph embeddings for document classification},
   journal = {arXiv preprint arXiv:1909.08402},
   year = {2019},
   type = {Journal Article}
}

@article{RN675,
   author = {Adriani, Roberto},
   title = {The Evolution of Fake News and the Abuse of Emerging Technologies},
   journal = {European Journal of Social Sciences},
   volume = {2},
   number = {1},
   pages = {32-38},
   ISSN = {2601-8640},
   year = {2019},
   type = {Journal Article}
}

@article{RN670,
   author = {Chen, Mingxuan and Wang, Ning and Subbalakshmi, KP},
   title = {Explainable Rumor Detection using Inter and Intra-feature Attention Networks},
   journal = {arXiv preprint arXiv:2007.11057},
   year = {2020},
   type = {Journal Article}
}

@article{RN673,
   author = {Liu, Yang and Wu, Yi-Fang Brook},
   title = {Fned: a deep network for fake news early detection on social media},
   journal = {ACM Transactions on Information Systems (TOIS)},
   volume = {38},
   number = {3},
   pages = {1-33},
   ISSN = {1046-8188},
   year = {2020},
   type = {Journal Article}
}

@inproceedings{RN678,
   author = {Castillo, Carlos and Mendoza, Marcelo and Poblete, Barbara},
   title = {Information credibility on twitter},
   booktitle = {Proceedings of the 20th international conference on World wide web},
   pages = {675-684},
   year = {2011},
   type = {Conference Proceedings}
}

@inproceedings{RN666,
   author = {Khoo, Ling Min Serena and Chieu, Hai Leong and Qian, Zhong and Jiang, Jing},
   title = {Interpretable rumor detection in microblogs by attending to user interactions},
   booktitle = {Proceedings of the AAAI Conference on Artificial Intelligence},
   volume = {34},
   pages = {8783-8790},
   ISBN = {2374-3468},
   year = {2020},
   type = {Conference Proceedings}
}

@inproceedings{RN481,
   author = {Enayet, Omar and El-Beltagy, Samhaa R},
   title = {NileTMRG at SemEval-2017 Task 8: Determining Rumour and Veracity Support for Rumours on Twitter},
   booktitle = {Proceedings of the 11th international workshop on semantic evaluation (SemEval-2017)},
   pages = {470-474},
   year = {2017},
   type = {Conference Proceedings}
}

@inproceedings{RN664,
   title = {Proceedings of the 11th International Workshop on Semantic Evaluation (SemEval-2017)},
   editor = {Bethard, Steven and Carpuat, Marine and Apidianaki, Marianna and Mohammad, Saif M. and Cer, Daniel and Jurgens, David},
   publisher = {Association for Computational Linguistics},
   DOI = {10.18653/v1/S17-2},
   url = {https://www.aclweb.org/anthology/S17-2000
https://doi.org/10.18653/v1/S17-2},
   year = {2017},
   address = {Vancouver, Canada},
   type = {Conference Proceedings}
}

@inproceedings{RN677,
   author = {Liu, Xiaomo and Nourbakhsh, Armineh and Li, Quanzhi and Fang, Rui and Shah, Sameena},
   title = {Real-time rumor debunking on twitter},
   booktitle = {Proceedings of the 24th ACM international on conference on information and knowledge management},
   pages = {1867-1870},
   year = {2015},
   type = {Conference Proceedings}
}

@inproceedings{RN479,
   author = {Li, Yue and Scarton, Carolina},
   title = {Revisiting Rumour Stance Classification: Dealing with Imbalanced Data},
   booktitle = {Proceedings of the 3rd International Workshop on Rumours and Deception in Social Media (RDSM)},
   pages = {38-44},
   year = {2020},
   type = {Conference Proceedings}
}

@article{RN668,
   author = {Gao, Jie and Han, Sooji and Song, Xingyi and Ciravegna, Fabio},
   title = {RP-DNN: A Tweet level propagation context based deep neural networks for early rumor detection in Social Media},
   journal = {arXiv preprint arXiv:2002.12683},
   year = {2020},
   type = {Journal Article}
}

@article{RN667,
   author = {Hamidian, Sardar and Diab, Mona T},
   title = {Rumor detection and classification for twitter data},
   journal = {arXiv preprint arXiv:1912.08926},
   year = {2019},
   type = {Journal Article}
}

@inproceedings{RN679,
   author = {Ma, Jing and Gao, Wei and Wong, Kam-Fai},
   title = {Rumor detection on twitter with tree-structured recursive neural networks},
   publisher = {Association for Computational Linguistics},
   year = {2018},
   type = {Conference Proceedings}
}
